@article{PAWLIK2016157,
title = "Tree edit distance: Robust and memory-efficient",
journal = "Information Systems",
volume = "56",
pages = "157 - 173",
year = "2016",
issn = "0306-4379",
doi = "https://doi.org/10.1016/j.is.2015.08.004",
url = "http://www.sciencedirect.com/science/article/pii/S0306437915001611",
author = "Mateusz Pawlik and Nikolaus Augsten",
keywords = "Tree edit distance, Similarity search, Approximate matching"
}

@ARTICLE{levenshtein,
author = {{Levenshtein}, V.~I.},
title = "{Binary Codes Capable of Correcting Deletions, Insertions and Reversals}",
journal = {Soviet Physics Doklady},
year = 1966,
month = feb,
volume = 10,
pages = {707},
adsurl = {http://adsabs.harvard.edu/abs/1966SPhD...10..707L},
adsnote = {Provided by the SAO/NASA Astrophysics Data System}
}

@misc{dist-site,
title = Structured Tree Comparison with Tree Kernels,
howpublished = https://www.toptal.com/machine-learning/structured-data-tree-kernels
note = {Accessed: 2018-08-21}
}

@article{lev-quadratic,
author = {A. Wagner, Robert and J. Fischer, Michael},
year = {1974},
month = {01},
pages = {168-173},
title = {The String-to-String Correction Problem},
volume = {21},
booktitle = {J. ACM}
}

@ARTICLE{modern-clustering,
   author = {{M{\"u}llner}, D.},
    title = "{Modern hierarchical, agglomerative clustering algorithms}",
  journal = {ArXiv e-prints},
archivePrefix = "arXiv",
   eprint = {1109.2378},
 primaryClass = "stat.ML",
 keywords = {Statistics - Machine Learning, Computer Science - Data Structures and Algorithms, 62H30, I.5.3},
     year = 2011,
    month = sep,
   adsurl = {http://adsabs.harvard.edu/abs/2011arXiv1109.2378M},
  adsnote = {Provided by the SAO/NASA Astrophysics Data System}
}

@article{inconsistent,
 author = {Zahn, C. T.},
 title = {Graph-Theoretical Methods for Detecting and Describing Gestalt Clusters},
 journal = {IEEE Trans. Comput.},
 issue_date = {January 1971},
 volume = {20},
 number = {1},
 month = jan,
 year = {1971},
 issn = {0018-9340},
 pages = {68--86},
 numpages = {19},
 url = {http://dx.doi.org/10.1109/T-C.1971.223083},
 doi = {10.1109/T-C.1971.223083},
 acmid = {1309359},
 publisher = {IEEE Computer Society},
 address = {Washington, DC, USA},
 keywords = {Clustering, data structure analysis, feature space evaluation, gestalt psychology, graph theory, minimal spanning trees, nearest neighbor methods, numerical taxonomy, pattern recognition.},
} 