% Generated by Paperpile. Check out http://paperpile.com for more information.
% BibTeX export options can be customized via Settings -> BibTeX.

@INPROCEEDINGS{McAdam1998-ub,
  title      = "On the Unification of Substitutions in Type Inference",
  booktitle  = "Implementation of Functional Languages",
  author     = "McAdam, Bruce J",
  editor     = "Hammond, Kevin and Davie, Tony and Clack, Chris",
  publisher  = "Springer Berlin Heidelberg",
  pages      = "137--152",
  series     = "Lecture Notes in Computer Science",
  month      =  "9~" # sep,
  year       =  1998,
  keywords   = "Type Errors",
  language   = "en",
  conference = "Symposium on Implementation and Application of Functional
                Languages",
  isbn       = "9783540662297, 9783540485155",
  doi        = "10.1007/3-540-48515-5_9"
}

@inproceedings{ACL2Testing,
  author    = {Harsh Raju Chamarthi and
               Peter C. Dillinger and
               Matt Kaufmann and
               Panagiotis Manolios},
  title     = {Integrating Testing and Interactive Theorem Proving},
  booktitle = {Proceedings 10th International Workshop on the {ACL2} Theorem Prover
               and its Applications, {ACL2} 2011, Austin, Texas, USA, November 3-4,
               2011.},
  pages     = {4--19},
  year      = {2011},
  url       = {http://dx.doi.org/10.4204/EPTCS.70.1},
  doi       = {10.4204/EPTCS.70.1},
  timestamp = {Mon, 28 Oct 2013 16:56:55 +0100},
  biburl    = {http://dblp2.uni-trier.de/rec/bib/journals/corr/abs-1105-4394},
  bibsource = {dblp computer science bibliography, http://dblp.org}
}

@inproceedings{Seidel15,
  author    = {Eric L. Seidel and
               Niki Vazou and
               Ranjit Jhala},
  title     = {Type Targeted Testing},
  booktitle = {Programming Languages and Systems - 24th European Symposium on Programming,
               {ESOP} 2015, Held as Part of the European Joint Conferences on Theory
               and Practice of Software, {ETAPS} 2015, London, UK, April 11-18, 2015.
               Proceedings},
  pages     = {812--836},
  year      = {2015},
  url       = {http://dx.doi.org/10.1007/978-3-662-46669-8_33},
  doi       = {10.1007/978-3-662-46669-8_33},
  timestamp = {Tue, 07 Apr 2015 15:19:02 +0200},
  biburl    = {http://dblp.uni-trier.de/rec/bib/conf/esop/SeidelVJ15},
  bibsource = {dblp computer science bibliography, http://dblp.org}
}

@inproceedings{Flanagan96,
  author    = {Cormac Flanagan and
               Matthew Flatt and
               Shriram Krishnamurthi and
               Stephanie Weirich and
               Matthias Felleisen},
  title     = {Static Debugging: Browsing the Web of Program Invariants},
  booktitle = {Proceedings of the {ACM} SIGPLAN'96 Conference on Programming Language
               Design and Implementation (PLDI), Philadephia, Pennsylvania, May 21-24,
               1996},
  pages     = {23--32},
  year      = {1996},
  url       = {http://doi.acm.org/10.1145/231379.231387},
  doi       = {10.1145/231379.231387},
  timestamp = {Mon, 21 May 2012 16:19:53 +0200},
  biburl    = {http://dblp.uni-trier.de/rec/bib/conf/pldi/FlanaganFKWF96},
  bibsource = {dblp computer science bibliography, http://dblp.org}
}

@ARTICLE{Milner1978-da,
  title    = "A theory of type polymorphism in programming",
  author   = "Milner, Robin",
  journal  = "J. Comput. System Sci.",
  volume   =  17,
  number   =  3,
  pages    = "348--375",
  month    =  "1~" # dec,
  year     =  1978,
  keywords = "Type Errors",
  issn     = "0022-0000",
  doi      = "10.1016/0022-0000(78)90014-4"
}

@ARTICLE{Hindley1969-pb,
  title     = "The Principal {Type-Scheme} of an Object in Combinatory Logic",
  author    = "Hindley, R",
  journal   = "Trans. Amer. Math. Soc.",
  publisher = "American Mathematical Society",
  volume    =  146,
  pages     = "29--60",
  year      =  1969,
  keywords  = "Type Errors",
  issn      = "0002-9947",
  doi       = "10.2307/1995158"
}

@INPROCEEDINGS{Damas1982-uw,
  title     = "Principal Type-schemes for Functional Programs",
  booktitle = "Proceedings of the 9th {ACM} {SIGPLAN-SIGACT} Symposium on
               Principles of Programming Languages",
  author    = "Damas, Luis and Milner, Robin",
  publisher = "ACM",
  pages     = "207--212",
  series    = "POPL '82",
  year      =  1982,
  address   = "New York, NY, USA",
  keywords  = "Type Errors",
  isbn      = "9780897910651",
  doi       = "10.1145/582153.582176"
}

@INPROCEEDINGS{Heeren2003-db,
  title     = "Scripting the type inference process",
  booktitle = "Proceedings of the eighth {ACM} {SIGPLAN} international
               conference on Functional programming",
  author    = "Heeren, Bastiaan and Hage, Jurriaan and Swierstra, S Doaitse",
  publisher = "ACM",
  volume    =  38,
  pages     = "3--13",
  month     =  "25~" # aug,
  year      =  2003,
  keywords  = "constraints; directives; domain-specific programming; type
               errors; type inference; constraints; directives; domain-specific
               programming; type errors; type inference;Type Errors",
  issn      = "0362-1340",
  isbn      = "9781581137569",
  doi       = "10.1145/944705.944707"
}

@INPROCEEDINGS{Bayne2011-cn,
  title     = "Always-available static and dynamic feedback",
  booktitle = "Proceedings of the 33rd International Conference on Software
               Engineering",
  author    = "Bayne, Michael and Cook, Richard and Ernst, Michael D",
  publisher = "ACM",
  pages     = "521--530",
  series    = "ICSE '11",
  month     =  "21~" # may,
  year      =  2011,
  address   = "New York, NY, USA",
  keywords  = "dynamic typing; gradual typing; hybrid typing; productivity;
               prototyping; refactoring; static typing; type error;Zotero
               Import (Jan 18);Type Errors",
  isbn      = "9781450304450",
  doi       = "10.1145/1985793.1985864"
}

@INCOLLECTION{Chen2014-vm,
  title     = "Guided Type Debugging",
  booktitle = "Functional and Logic Programming",
  author    = "Chen, Sheng and Erwig, Martin",
  editor    = "Codish, Michael and Sumii, Eijiro",
  publisher = "Springer International Publishing",
  pages     = "35--51",
  series    = "Lecture Notes in Computer Science",
  month     =  "4~" # jun,
  year      =  2014,
  keywords  = "Zotero Import (Jan 18);Type Errors",
  language  = "en",
  isbn      = "97833190715039783319071510, 9783319071510",
  doi       = "10.1007/978-3-319-07151-0_3"
}

@INPROCEEDINGS{Zhang2015-yu,
  title     = "Diagnosing Type Errors with Class",
  booktitle = "Proceedings of the 36th {ACM} {SIGPLAN} Conference on
               Programming Language Design and Implementation",
  author    = "Zhang, Danfeng and Myers, Andrew C and Vytiniotis, Dimitrios and
               Peyton-Jones, Simon",
  publisher = "ACM",
  pages     = "12--21",
  series    = "PLDI 2015",
  year      =  2015,
  address   = "New York, NY, USA",
  keywords  = "Error diagnosis, Haskell, type inference;Zotero Import (Jan
               18);Type Errors",
  isbn      = "9781450334686",
  doi       = "10.1145/2737924.2738009"
}

@ARTICLE{Duggan1996-by,
  title    = "Explaining type inference",
  author   = "Duggan, Dominic and Bent, Frederick",
  journal  = "Science of Computer Programming",
  volume   =  27,
  number   =  1,
  pages    = "37--83",
  month    =  jul,
  year     =  1996,
  keywords = "Type Errors",
  issn     = "0167-6423",
  doi      = "10.1016/0167-6423(95)00007-0"
}

@INCOLLECTION{Naik2005-bk,
  title     = "A Type System Equivalent to a Model Checker",
  booktitle = "Programming Languages and Systems",
  author    = "Naik, Mayur and Palsberg, Jens",
  publisher = "Springer Berlin Heidelberg",
  pages     = "374--388",
  series    = "Lecture Notes in Computer Science",
  month     =  "4~" # apr,
  year      =  2005,
  keywords  = "Type Errors",
  isbn      = "9783540254355, 9783540319870",
  doi       = "10.1007/978-3-540-31987-0_26"
}

@INCOLLECTION{Gast2004-zd,
  title     = "Explaining {ML} Type Errors by Data Flows",
  booktitle = "Implementation and Application of Functional Languages",
  author    = "Gast, Holger",
  publisher = "Springer Berlin Heidelberg",
  pages     = "72--89",
  series    = "Lecture Notes in Computer Science",
  month     =  "8~" # sep,
  year      =  2004,
  keywords  = "Type Errors",
  isbn      = "9783540260943, 9783540320388",
  doi       = "10.1007/11431664_5"
}

@INPROCEEDINGS{Stuckey2003-yh,
  title     = "Interactive type debugging in Haskell",
  booktitle = "Proceedings of the 2003 {ACM} {SIGPLAN} workshop on Haskell",
  author    = "Stuckey, Peter J and Sulzmann, Martin and Wazny, Jeremy",
  publisher = "ACM",
  pages     = "72--83",
  month     =  "28~" # aug,
  year      =  2003,
  keywords  = "Hindley/Milner; constraints; overloading; type classes; type
               debugging; type inference;Type Errors",
  isbn      = "9781581137583",
  doi       = "10.1145/871895.871903"
}

@ARTICLE{Lee1998-ys,
  title     = "Proofs About a Folklore Let-polymorphic Type Inference Algorithm",
  author    = "Lee, Oukseh and Yi, Kwangkeun",
  journal   = "ACM Trans. Program. Lang. Syst.",
  publisher = "ACM",
  volume    =  20,
  number    =  4,
  pages     = "707--723",
  month     =  jul,
  year      =  1998,
  address   = "New York, NY, USA",
  keywords  = "type error, type inference algorithm;Type Errors",
  issn      = "0164-0925",
  doi       = "10.1145/291891.291892"
}

@INPROCEEDINGS{Chitil2001-td,
  title     = "Compositional Explanation of Types and Algorithmic Debugging of
               Type Errors",
  booktitle = "Proceedings of the Sixth {ACM} {SIGPLAN} International
               Conference on Functional Programming",
  author    = "Chitil, Olaf",
  publisher = "ACM",
  pages     = "193--204",
  series    = "ICFP '01",
  year      =  2001,
  address   = "New York, NY, USA",
  keywords  = "Type Errors",
  isbn      = "9781581134155",
  doi       = "10.1145/507635.507659"
}

@INPROCEEDINGS{McAdam1999-np,
  title       = "Generalising Techniques for Type Debugging",
  booktitle   = "Scottish Functional Programming Workshop",
  author      = "McAdam, Bruce J",
  publisher   = "Citeseer",
  volume      =  1,
  pages       = "50--58",
  institution = "Citeseer",
  year        =  1999,
  keywords    = "Type Errors"
}

@INPROCEEDINGS{Yang1999-pt,
  title       = "Explaining Type Errors by Finding the Source of a Type
                 Conflict",
  booktitle   = "Scottish Functional Programming Workshop",
  author      = "Yang, Jun",
  publisher   = "Citeseer",
  volume      =  1,
  pages       = "59--67",
  institution = "Citeseer",
  year        =  1999,
  keywords    = "Type Errors"
}

@INCOLLECTION{Haack2003-vc,
  title     = "Type Error Slicing in Implicitly Typed {Higher-Order} Languages",
  booktitle = "Programming Languages and Systems",
  author    = "Haack, Christian and Wells, J B",
  publisher = "Springer Berlin Heidelberg",
  pages     = "284--301",
  series    = "Lecture Notes in Computer Science",
  month     =  "7~" # apr,
  year      =  2003,
  keywords  = "Type Errors",
  isbn      = "9783540008866, 9783540365754",
  doi       = "10.1007/3-540-36575-3_20"
}

@PHDTHESIS{Heeren2005-aw,
  title    = "Top Quality Type Error Messages",
  author   = "Heeren, Bastiaan Johannes",
  year     =  2005,
  school   = "Universiteit Utrecht",
  keywords = "Type Errors"
}

@ARTICLE{Hage2009-em,
  title    = "Strategies for Solving Constraints in Type and Effect Systems",
  author   = "Hage, Jurriaan and Heeren, Bastiaan",
  journal  = "Electron. Notes Theor. Comput. Sci.",
  volume   =  236,
  pages    = "163--183",
  month    =  "2~" # apr,
  year     =  2009,
  keywords = "type and effect systems; inference algorithms; constraints;
              solving strategies;Type Errors",
  issn     = "1571-0661",
  doi      = "10.1016/j.entcs.2009.03.021"
}

@INCOLLECTION{Alpuente2015-zp,
  title     = "Combining Runtime Checking and Slicing to Improve Maude Error
               Diagnosis",
  booktitle = "Logic, Rewriting, and Concurrency",
  author    = "Alpuente, Mar\'{\i}a and Ballis, Demis and Frechina, Francisco
               and Sapi\~{n}a, Julia",
  publisher = "Springer International Publishing",
  pages     = "72--96",
  series    = "Lecture Notes in Computer Science",
  year      =  2015,
  keywords  = "Type Errors",
  isbn      = "9783319231648, 9783319231655",
  doi       = "10.1007/978-3-319-23165-5_3"
}

@INPROCEEDINGS{Sagonas2013-bf,
  title     = "Precise Explanation of Success Typing Errors",
  booktitle = "Proceedings of the {ACM} {SIGPLAN} 2013 Workshop on Partial
               Evaluation and Program Manipulation",
  author    = "Sagonas, Konstantinos and Silva, Josep and Tamarit, Salvador",
  publisher = "ACM",
  pages     = "33--42",
  series    = "PEPM '13",
  year      =  2013,
  address   = "New York, NY, USA",
  keywords  = "erlang, program slicing, type inference;Type Errors",
  isbn      = "9781450318426",
  doi       = "10.1145/2426890.2426897"
}

@INCOLLECTION{Serrano2016-oo,
  title     = "Type Error Diagnosis for Embedded {DSLs} by {Two-Stage}
               Specialized Type Rules",
  booktitle = "Programming Languages and Systems",
  author    = "Serrano, Alejandro and Hage, Jurriaan",
  publisher = "Springer Berlin Heidelberg",
  pages     = "672--698",
  series    = "Lecture Notes in Computer Science",
  month     =  "3~" # apr,
  year      =  2016,
  keywords  = "Type Errors",
  isbn      = "9783662494974, 9783662494981",
  doi       = "10.1007/978-3-662-49498-1_26"
}

@ARTICLE{Rahli2015-tt,
  title     = "Skalpel: A Type Error Slicer for Standard {ML}",
  author    = "Rahli, Vincent and Wells, Joe and Pirie, John and Kamareddine,
               Fairouz",
  journal   = "Electron. Notes Theor. Comput. Sci.",
  publisher = "Elsevier",
  volume    =  312,
  pages     = "197--213",
  month     =  "24~" # apr,
  year      =  2015,
  keywords  = "Automated type inference; Automated error diagnosis; Improved
               error reports;Type Errors",
  issn      = "1571-0661",
  doi       = "10.1016/j.entcs.2015.04.012"
}

@TECHREPORT{Rahli2010-ps,
  title       = "A constraint system for a {SML} type error slicer",
  author      = "Rahli, Vincent and Wells, J B and Kamareddine, Fairouz",
  number      = "HW-MACS-TR-0079",
  institution = "Herriot Watt University",
  year        =  2010,
  keywords    = "Type Errors"
}

@INCOLLECTION{Hage2006-hc,
  title     = "Heuristics for Type Error Discovery and Recovery",
  booktitle = "Implementation and Application of Functional Languages",
  author    = "Hage, Jurriaan and Heeren, Bastiaan",
  publisher = "Springer Berlin Heidelberg",
  pages     = "199--216",
  series    = "Lecture Notes in Computer Science",
  month     =  "4~" # sep,
  year      =  2006,
  keywords  = "Type Errors",
  isbn      = "9783540741299, 9783540741305",
  doi       = "10.1007/978-3-540-74130-5_12"
}

@INCOLLECTION{Schilling2011-yf,
  title     = "{Constraint-Free} Type Error Slicing",
  booktitle = "Trends in Functional Programming",
  author    = "Schilling, Thomas",
  publisher = "Springer Berlin Heidelberg",
  pages     = "1--16",
  series    = "Lecture Notes in Computer Science",
  month     =  "16~" # may,
  year      =  2011,
  keywords  = "Type Errors",
  isbn      = "9783642320361, 9783642320378",
  doi       = "10.1007/978-3-642-32037-8_1"
}

@BOOK{Felleisen2009-ya,
  title     = "Semantics Engineering with {PLT} Redex",
  author    = "Felleisen, Matthias and Findler, Robert Bruce and Flatt, Matthew",
  publisher = "The MIT Press",
  edition   = "1st",
  year      =  2009,
  keywords  = "Type Errors",
  isbn      = "9780262062756"
}

@INPROCEEDINGS{Plociniczak2014-ok,
  title      = "Improving {Human-Compiler} Interaction Through Customizable
                Type Feedback",
  booktitle  = "{SPLASH}",
  author     = "Plociniczak, Hubert and Miller, Heather and Odersky, Martin",
  year       =  2014,
  keywords   = "Zotero Import (Jan 18);Type Errors",
  conference = "Systems, Programming, Languages and Applications Software for
                Humanity"
}

@INPROCEEDINGS{Naylor2007-mi,
  title      = "Finding Inputs that Reach a Target Expression",
  booktitle  = "Seventh {IEEE} International Working Conference on Source Code
                Analysis and Manipulation",
  author     = "Naylor, M and Runciman, Colin",
  pages      = "133--142",
  series     = "SCAM '07",
  year       =  2007,
  keywords   = "research-exam;Zotero Import (Jan 18);Type Errors",
  conference = "Seventh IEEE International Working Conference on Source Code
                Analysis and Manipulation, 2007. SCAM 2007",
  doi        = "10.1109/SCAM.2007.30"
}

@INPROCEEDINGS{Lindblad2007-oy,
  title     = "Property Directed Generation of {First-Order} Test Data",
  booktitle = "Proceedings of the Eighth Symposium on Trends in Functional
               Programming",
  author    = "Lindblad, Fredrik",
  editor    = "Moraz\'{a}n, Marco T",
  volume    =  8,
  pages     = "105--123",
  series    = "TFP '07",
  year      =  2007,
  keywords  = "research-exam;Zotero Import (Jan 18);Type Errors",
  isbn      = "9781841501963"
}

@INPROCEEDINGS{Perera2012-dy,
  title     = "Functional Programs That Explain Their Work",
  booktitle = "Proceedings of the 17th {ACM} {SIGPLAN} International Conference
               on Functional Programming",
  author    = "Perera, Roly and Acar, Umut A and Cheney, James and Levy, Paul
               Blain",
  publisher = "ACM",
  pages     = "365--376",
  series    = "ICFP '12",
  year      =  2012,
  address   = "New York, NY, USA",
  keywords  = "Zotero Import (Jan 18);Type Errors",
  isbn      = "9781450310543",
  doi       = "10.1145/2364527.2364579"
}

@INPROCEEDINGS{Zhang2014-lv,
  title     = "Toward General Diagnosis of Static Errors",
  booktitle = "Proceedings of the 41st {ACM} {SIGPLAN-SIGACT} Symposium on
               Principles of Programming Languages",
  author    = "Zhang, Danfeng and Myers, Andrew C",
  publisher = "ACM",
  pages     = "569--581",
  series    = "POPL '14",
  year      =  2014,
  address   = "New York, NY, USA",
  keywords  = "Zotero Import (Jan 18);Type Errors",
  isbn      = "9781450325448",
  doi       = "10.1145/2535838.2535870"
}

@INPROCEEDINGS{Pacheco2007-at,
  title      = "{Feedback-Directed} Random Test Generation",
  booktitle  = "29th International Conference on Software Engineering",
  author     = "Pacheco, Carlos and Lahiri, Shuvendu K and Ernst, Michael D and
                Ball, Thomas",
  pages      = "75--84",
  series     = "ICSE '07",
  year       =  2007,
  keywords   = "Zotero Import (Jan 18);Type Errors",
  conference = "29th International Conference on Software Engineering, 2007.
                ICSE 2007",
  doi        = "10.1109/ICSE.2007.37"
}

@INPROCEEDINGS{Godefroid2007-bw,
  title     = "Compositional Dynamic Test Generation",
  booktitle = "Proceedings of the 34th Annual {ACM} {SIGPLAN-SIGACT} Symposium
               on Principles of Programming Languages",
  author    = "Godefroid, Patrice",
  publisher = "ACM",
  pages     = "47--54",
  series    = "POPL '07",
  year      =  2007,
  address   = "New York, NY, USA",
  keywords  = "Zotero Import (Jan 18);Type Errors",
  isbn      = "9781595935755",
  doi       = "10.1145/1190216.1190226"
}

@INPROCEEDINGS{Cadar2008-kg,
  title     = "{KLEE}: Unassisted and Automatic Generation of High-coverage
               Tests for Complex Systems Programs",
  booktitle = "Proceedings of the 8th {USENIX} Conference on Operating Systems
               Design and Implementation",
  author    = "Cadar, Cristian and Dunbar, Daniel and Engler, Dawson",
  publisher = "USENIX Association",
  pages     = "209--224",
  series    = "OSDI'08",
  year      =  2008,
  address   = "Berkeley, CA, USA",
  keywords  = "Zotero Import (Jan 18);Type Errors"
}

@ARTICLE{Chakravarty2004-hg,
  title    = "The risks and benefits of teaching purely functional programming
              in first year",
  author   = "Chakravarty, Manuel M T and Keller, Gabriele",
  journal  = "J. Funct. Programming",
  volume   =  14,
  number   =  01,
  pages    = "113--123",
  month    =  jan,
  year     =  2004,
  keywords = "education;functional programming;Zotero Import (Jan 18);Type
              Errors",
  issn     = "0956-7968, 1469-7653",
  doi      = "10.1017/S0956796803004805"
}

@INPROCEEDINGS{Christiansen2014-qc,
  title     = "Reflect on your mistakes! Lightweight domain-specific error
               messages",
  booktitle = "Preproceedings of the 15th Symposium on Trends in Functional
               Programming",
  author    = "Christiansen, David Raymond",
  year      =  2014,
  keywords  = "Zotero Import (Jan 18);Type Errors"
}

@ARTICLE{Thompson1993-ud,
  title    = "Functional programming in education -- Introduction",
  author   = "Thompson, Simon and Wadler, Philip",
  journal  = "J. Funct. Programming",
  volume   =  3,
  number   =  01,
  pages    = "3--4",
  month    =  jan,
  year     =  1993,
  keywords = "education;functional programming;Zotero Import (Jan 18);Type
              Errors",
  issn     = "0956-7968, 1469-7653",
  doi      = "10.1017/S0956796800000563"
}

@ARTICLE{Joosten1993-yx,
  title    = "Teaching functional programming to first-year students",
  author   = "Joosten, Stef and Van Den Berg, Klaas and Van Der Hoeven, Gerrit",
  journal  = "J. Funct. Programming",
  volume   =  3,
  number   =  01,
  pages    = "49--65",
  month    =  jan,
  year     =  1993,
  keywords = "education;functional programming;Zotero Import (Jan 18);Type
              Errors",
  issn     = "0956-7968, 1469-7653",
  doi      = "10.1017/S0956796800000599"
}

@INPROCEEDINGS{Pavlinovic2014-mr,
  title     = "Finding Minimum Type Error Sources",
  booktitle = "Proceedings of the 2014 {ACM} International Conference on Object
               Oriented Programming Systems Languages \& Applications",
  author    = "Pavlinovic, Zvonimir and King, Tim and Wies, Thomas",
  publisher = "ACM",
  pages     = "525--542",
  series    = "OOPSLA '14",
  year      =  2014,
  address   = "New York, NY, USA",
  keywords  = "Zotero Import (Jan 18);Type Errors",
  isbn      = "9781450325851",
  doi       = "10.1145/2660193.2660230"
}

@INPROCEEDINGS{Chen2014-gd,
  title     = "Counter-factual Typing for Debugging Type Errors",
  booktitle = "Proceedings of the 41st {ACM} {SIGPLAN-SIGACT} Symposium on
               Principles of Programming Languages",
  author    = "Chen, Sheng and Erwig, Martin",
  publisher = "ACM",
  pages     = "583--594",
  series    = "POPL '14",
  year      =  2014,
  address   = "New York, NY, USA",
  keywords  = "Zotero Import (Jan 18);Type Errors",
  isbn      = "9781450325448",
  doi       = "10.1145/2535838.2535863"
}

@INPROCEEDINGS{Chen2012-eq,
  title     = "An Error-tolerant Type System for Variational Lambda Calculus",
  booktitle = "Proceedings of the 17th {ACM} {SIGPLAN} International Conference
               on Functional Programming",
  author    = "Chen, Sheng and Erwig, Martin and Walkingshaw, Eric",
  publisher = "ACM",
  pages     = "29--40",
  series    = "ICFP '12",
  year      =  2012,
  address   = "New York, NY, USA",
  keywords  = "Zotero Import (Jan 18);Type Errors",
  isbn      = "9781450310543",
  doi       = "10.1145/2364527.2364535"
}

@INPROCEEDINGS{Neubauer2003-xv,
  title     = "Discriminative Sum Types Locate the Source of Type Errors",
  booktitle = "Proceedings of the Eighth {ACM} {SIGPLAN} International
               Conference on Functional Programming",
  author    = "Neubauer, Matthias and Thiemann, Peter",
  publisher = "ACM",
  pages     = "15--26",
  series    = "ICFP '03",
  year      =  2003,
  address   = "New York, NY, USA",
  keywords  = "Zotero Import (Jan 18);Type Errors",
  isbn      = "9781581137569",
  doi       = "10.1145/944705.944708"
}

@INPROCEEDINGS{Gomard1990-ck,
  title     = "Partial Type Inference for Untyped Functional Programs",
  booktitle = "Proceedings of the 1990 {ACM} Conference on {LISP} and
               Functional Programming",
  author    = "Gomard, Carsten K",
  publisher = "ACM",
  pages     = "282--287",
  series    = "LFP '90",
  year      =  1990,
  address   = "New York, NY, USA",
  keywords  = "Zotero Import (Jan 18);Type Errors",
  isbn      = "9780897913683",
  doi       = "10.1145/91556.91672"
}

@INCOLLECTION{Thatte1988-mt,
  title     = "Type inference with partial types",
  booktitle = "Automata, Languages and Programming",
  author    = "Thatte, Satish",
  editor    = "Lepist{\"{o}}, Timo and Salomaa, Arto",
  publisher = "Springer Berlin Heidelberg",
  pages     = "615--629",
  series    = "Lecture Notes in Computer Science",
  year      =  1988,
  keywords  = "Zotero Import (Jan 18);Type Errors",
  language  = "en",
  isbn      = "9783540194880"
}

@ARTICLE{Pierce2000-zz,
  title    = "Local Type Inference",
  author   = "Pierce, Benjamin C and Turner, David N",
  journal  = "ACM Trans. Program. Lang. Syst.",
  volume   =  22,
  number   =  1,
  pages    = "1--44",
  month    =  jan,
  year     =  2000,
  keywords = "Zotero Import (Jan 18);Type Errors",
  issn     = "0164-0925",
  doi      = "10.1145/345099.345100"
}

@INCOLLECTION{OKeefe1992-wo,
  title     = "Type inference for partial types is decidable",
  booktitle = "{ESOP} '92",
  author    = "O'Keefe, Patrick M and Wand, Mitchell",
  editor    = "Krieg-Br{\"{u}}ckner, Bernd",
  publisher = "Springer Berlin Heidelberg",
  pages     = "408--417",
  series    = "Lecture Notes in Computer Science",
  year      =  1992,
  keywords  = "Zotero Import (Jan 18);Type Errors",
  language  = "en",
  isbn      = "9783540552536"
}

@INPROCEEDINGS{Stuckey2004-ne,
  title     = "Improving type error diagnosis",
  booktitle = "Proceedings of the 2004 {ACM} {SIGPLAN} workshop on Haskell",
  author    = "Stuckey, Peter J and Sulzmann, Martin and Wazny, Jeremy",
  publisher = "ACM",
  pages     = "80--91",
  series    = "Haskell '04",
  month     =  "22~" # sep,
  year      =  2004,
  address   = "New York, NY, USA",
  keywords  = "Hindley/Milner; constraints; overloading; type classes; type
               debugging; type inference;Zotero Import (Jan 18);Type Errors",
  isbn      = "9781581138504",
  doi       = "10.1145/1017472.1017486"
}

@INPROCEEDINGS{Lindahl2006-hz,
  title     = "Practical Type Inference Based on Success Typings",
  booktitle = "Proceedings of the 8th {ACM} {SIGPLAN} International Conference
               on Principles and Practice of Declarative Programming",
  author    = "Lindahl, Tobias and Sagonas, Konstantinos",
  publisher = "ACM",
  pages     = "167--178",
  series    = "PPDP '06",
  year      =  2006,
  address   = "New York, NY, USA",
  keywords  = "Zotero Import (Jan 18);Type Errors",
  isbn      = "9781595933881",
  doi       = "10.1145/1140335.1140356"
}

@INPROCEEDINGS{Wright1994-ff,
  title     = "A Practical Soft Type System for Scheme",
  booktitle = "Proceedings of the 1994 {ACM} Conference on {LISP} and
               Functional Programming",
  author    = "Wright, Andrew K and Cartwright, Robert",
  publisher = "ACM",
  pages     = "250--262",
  series    = "LFP '94",
  year      =  1994,
  address   = "New York, NY, USA",
  keywords  = "Zotero Import (Jan 18);Type Errors",
  isbn      = "9780897916431",
  doi       = "10.1145/182409.182485"
}

@INCOLLECTION{Chang2012-fq,
  title     = "From Stack Traces to Lazy Rewriting Sequences",
  booktitle = "Implementation and Application of Functional Languages",
  author    = "Chang, Stephen and Barzilay, Eli and Clements, John and
               Felleisen, Matthias",
  editor    = "Gill, Andy and Hage, Jurriaan",
  publisher = "Springer Berlin Heidelberg",
  pages     = "100--115",
  series    = "Lecture Notes in Computer Science",
  year      =  2012,
  keywords  = "Zotero Import (Jan 18);Type Errors",
  language  = "en",
  isbn      = "9783642344060"
}

@INPROCEEDINGS{Faddegon2015-ou,
  title     = "Algorithmic Debugging of Real-world Haskell Programs: Deriving
               Dependencies from the Cost Centre Stack",
  booktitle = "Proceedings of the 36th {ACM} {SIGPLAN} Conference on
               Programming Language Design and Implementation",
  author    = "Faddegon, Maarten and Chitil, Olaf",
  publisher = "ACM",
  pages     = "33--42",
  series    = "PLDI 2015",
  year      =  2015,
  address   = "New York, NY, USA",
  keywords  = "Zotero Import (Jan 18);Type Errors",
  isbn      = "9781450334686",
  doi       = "10.1145/2737924.2737985"
}

@INPROCEEDINGS{Isradisaikul2015-ar,
  title     = "Finding Counterexamples from Parsing Conflicts",
  booktitle = "Proceedings of the 36th {ACM} {SIGPLAN} Conference on
               Programming Language Design and Implementation",
  author    = "Isradisaikul, Chinawat and Myers, Andrew C",
  publisher = "ACM",
  pages     = "555--564",
  series    = "PLDI 2015",
  year      =  2015,
  address   = "New York, NY, USA",
  keywords  = "Zotero Import (Jan 18);Type Errors",
  isbn      = "9781450334686",
  doi       = "10.1145/2737924.2737961"
}

@INPROCEEDINGS{Manevich2004-gm,
  title     = "{PSE}: Explaining Program Failures via Postmortem Static
               Analysis",
  booktitle = "Proceedings of the 12th {ACM} {SIGSOFT} Twelfth International
               Symposium on Foundations of Software Engineering",
  author    = "Manevich, Roman and Sridharan, Manu and Adams, Stephen and Das,
               Manuvir and Yang, Zhe",
  publisher = "ACM",
  pages     = "63--72",
  series    = "SIGSOFT '04/FSE-12",
  year      =  2004,
  address   = "New York, NY, USA",
  keywords  = "Zotero Import (Jan 18);Type Errors",
  isbn      = "9781581138559",
  doi       = "10.1145/1029894.1029907"
}

@INPROCEEDINGS{Lerner2007-dt,
  title     = "Searching for Type-error Messages",
  booktitle = "Proceedings of the 28th {ACM} {SIGPLAN} Conference on
               Programming Language Design and Implementation",
  author    = "Lerner, Benjamin S and Flower, Matthew and Grossman, Dan and
               Chambers, Craig",
  publisher = "ACM",
  pages     = "425--434",
  series    = "PLDI '07",
  year      =  2007,
  address   = "New York, NY, USA",
  keywords  = "Zotero Import (Jan 18);Type Errors",
  isbn      = "9781595936332",
  doi       = "10.1145/1250734.1250783"
}

@INPROCEEDINGS{Lerner2006-pj,
  title     = "Seminal: Searching for {ML} Type-error Messages",
  booktitle = "Proceedings of the 2006 Workshop on {ML}",
  author    = "Lerner, Benjamin and Grossman, Dan and Chambers, Craig",
  publisher = "ACM",
  pages     = "63--73",
  series    = "ML '06",
  year      =  2006,
  address   = "New York, NY, USA",
  keywords  = "Zotero Import (Jan 18);Type Errors",
  isbn      = "9781595934833",
  doi       = "10.1145/1159876.1159887"
}

@INPROCEEDINGS{Chitil2000-px,
  title     = "Typeview: a tool for understanding type errors",
  booktitle = "12th International Workshop on Implementation of Functional
               Languages, Aachner {Informatik-Berichte}",
  author    = "Chitil, Olaf and Huch, Frank and Simon, Axel",
  pages     = "63--69",
  year      =  2000,
  keywords  = "Zotero Import (Jan 18);Type Errors"
}

@INPROCEEDINGS{Godefroid2005-am,
  title     = "{DART}: Directed Automated Random Testing",
  booktitle = "Proceedings of the 2005 {ACM} {SIGPLAN} Conference on
               Programming Language Design and Implementation",
  author    = "Godefroid, Patrice and Klarlund, Nils and Sen, Koushik",
  publisher = "ACM",
  pages     = "213--223",
  series    = "PLDI '05",
  year      =  2005,
  address   = "New York, NY, USA",
  keywords  = "Zotero Import (Jan 18);Type Errors",
  isbn      = "9781595930569",
  doi       = "10.1145/1065010.1065036"
}

@INPROCEEDINGS{Sen2005-ju,
  title     = "{CUTE}: A Concolic Unit Testing Engine for {C}",
  booktitle = "Proceedings of the 10th European Software Engineering Conference
               Held Jointly with 13th {ACM} {SIGSOFT} International Symposium
               on Foundations of Software Engineering",
  author    = "Sen, Koushik and Marinov, Darko and Agha, Gul",
  publisher = "ACM",
  pages     = "263--272",
  series    = "ESEC/FSE-13",
  year      =  2005,
  address   = "New York, NY, USA",
  keywords  = "Zotero Import (Jan 18);Type Errors",
  isbn      = "9781595930149",
  doi       = "10.1145/1081706.1081750"
}

@INPROCEEDINGS{Ko2004-nc,
  title     = "Designing the Whyline: A Debugging Interface for Asking
               Questions About Program Behavior",
  booktitle = "Proceedings of the {SIGCHI} Conference on Human Factors in
               Computing Systems",
  author    = "Ko, Andrew J and Myers, Brad A",
  publisher = "ACM",
  pages     = "151--158",
  series    = "CHI '04",
  year      =  2004,
  address   = "New York, NY, USA",
  keywords  = "Zotero Import (Jan 18);Type Errors",
  isbn      = "9781581137026",
  doi       = "10.1145/985692.985712"
}

@INPROCEEDINGS{Duregard2012-ru,
  title     = "Feat: Functional Enumeration of Algebraic Types",
  booktitle = "Proceedings of the 2012 Haskell Symposium",
  author    = "Dureg\aa{}rd, Jonas and Jansson, Patrik and Wang, Meng",
  publisher = "ACM",
  pages     = "61--72",
  series    = "Haskell '12",
  year      =  2012,
  address   = "New York, NY, USA",
  keywords  = "Zotero Import (Jan 18);Type Errors",
  isbn      = "9781450315746",
  doi       = "10.1145/2364506.2364515"
}

@INCOLLECTION{Claessen2014-co,
  title     = "Generating Constrained Random Data with Uniform Distribution",
  booktitle = "Functional and Logic Programming",
  author    = "Claessen, Koen and Dureg\aa{}rd, Jonas and Pa\l{}ka, Micha\l H",
  editor    = "Codish, Michael and Sumii, Eijiro",
  publisher = "Springer International Publishing",
  pages     = "18--34",
  series    = "Lecture Notes in Computer Science",
  month     =  "4~" # jun,
  year      =  2014,
  keywords  = "Zotero Import (Jan 18);Type Errors",
  language  = "en",
  isbn      = "9783319071503"
}

@ARTICLE{Csallner2004-bf,
  title     = "{JCrasher}: an automatic robustness tester for Java",
  author    = "Csallner, Christoph and Smaragdakis, Yannis",
  journal   = "Softw. Pract. Exp.",
  publisher = "John Wiley \& Sons, Ltd.",
  volume    =  34,
  number    =  11,
  pages     = "1025--1050",
  month     =  "1~" # sep,
  year      =  2004,
  keywords  = "software testing, test case generation, random testing, Java,
               state re-initialization;Zotero Import (Jan 18);Type Errors",
  language  = "en",
  issn      = "0038-0644",
  doi       = "10.1002/spe.602"
}

@INPROCEEDINGS{Boyapati2002-bn,
  title     = "Korat: Automated Testing Based on Java Predicates",
  booktitle = "Proceedings of the 2002 {ACM} {SIGSOFT} International Symposium
               on Software Testing and Analysis",
  author    = "Boyapati, Chandrasekhar and Khurshid, Sarfraz and Marinov, Darko",
  publisher = "ACM",
  pages     = "123--133",
  series    = "ISSTA '02",
  year      =  2002,
  address   = "New York, NY, USA",
  keywords  = "Zotero Import (Jan 18);Type Errors",
  isbn      = "9781581135626",
  doi       = "10.1145/566172.566191"
}

@INPROCEEDINGS{Ramsey2014-yv,
  title     = "On Teaching *How to Design Programs*: Observations from a
               Newcomer",
  booktitle = "Proceedings of the 19th {ACM} {SIGPLAN} International Conference
               on Functional Programming",
  author    = "Ramsey, Norman",
  publisher = "ACM",
  pages     = "153--166",
  series    = "ICFP '14",
  year      =  2014,
  address   = "New York, NY, USA",
  keywords  = "Zotero Import (Jan 18);Type Errors",
  isbn      = "9781450328739",
  doi       = "10.1145/2628136.2628137"
}

@INCOLLECTION{Tillmann2008-qc,
  title     = "{Pex--White} Box Test Generation for .{NET}",
  booktitle = "Tests and Proofs",
  author    = "Tillmann, Nikolai and de Halleux, Jonathan",
  editor    = "Beckert, Bernhard and H{\"{a}}hnle, Reiner",
  publisher = "Springer Berlin Heidelberg",
  pages     = "134--153",
  series    = "Lecture Notes in Computer Science",
  year      =  2008,
  keywords  = "Zotero Import (Jan 18);Type Errors",
  language  = "en",
  isbn      = "9783540791232",
  doi       = "10.1007/978-3-540-79124-9_10"
}

@INPROCEEDINGS{Claessen2000-lj,
  title     = "{QuickCheck}: A Lightweight Tool for Random Testing of Haskell
               Programs",
  booktitle = "Proceedings of the Fifth {ACM} {SIGPLAN} International
               Conference on Functional Programming",
  author    = "Claessen, Koen and Hughes, John",
  publisher = "ACM",
  pages     = "268--279",
  series    = "ICFP '00",
  year      =  2000,
  address   = "New York, NY, USA",
  keywords  = "Zotero Import (Jan 18);Type Errors",
  isbn      = "9781581132021",
  doi       = "10.1145/351240.351266"
}

@INPROCEEDINGS{Runciman2008-ka,
  title     = "Smallcheck and Lazy Smallcheck: Automatic Exhaustive Testing for
               Small Values",
  booktitle = "Proceedings of the First {ACM} {SIGPLAN} Symposium on Haskell",
  author    = "Runciman, Colin and Naylor, Matthew and Lindblad, Fredrik",
  publisher = "ACM",
  pages     = "37--48",
  series    = "Haskell '08",
  year      =  2008,
  address   = "New York, NY, USA",
  keywords  = "Zotero Import (Jan 18);Type Errors",
  isbn      = "9781605580647",
  doi       = "10.1145/1411286.1411292"
}

@ARTICLE{Korel1988-nt,
  title    = "Dynamic program slicing",
  author   = "Korel, Bogdan and Laski, Janusz",
  journal  = "Inf. Process. Lett.",
  volume   =  29,
  number   =  3,
  pages    = "155--163",
  month    =  "26~" # oct,
  year     =  1988,
  keywords = "Zotero Import (Jan 18);Type Errors",
  issn     = "0020-0190",
  doi      = "10.1016/0020-0190(88)90054-3"
}

@ARTICLE{Ruiz2009-sb,
  title    = "{TILC}: The Interactive {Lambda-Calculus} Tracer",
  author   = "Ruiz, David and Villaret, Mateu",
  journal  = "Electron. Notes Theor. Comput. Sci.",
  volume   =  248,
  pages    = "173--183",
  year     =  2009,
  keywords = "Zotero Import (Jan 18);Type Errors",
  language = "en",
  issn     = "1571-0661",
  doi      = "10.1016/j.entcs.2009.07.067"
}

@INCOLLECTION{Jeuring2012-ld,
  title     = "{Ask-Elle}: A Haskell Tutor",
  booktitle = "21st Century Learning for 21st Century Skills",
  author    = "Jeuring, Johan and Gerdes, Alex and Heeren, Bastiaan",
  editor    = "Ravenscroft, Andrew and Lindstaedt, Stefanie and Kloos, Carlos
               Delgado and Hern\'{a}ndez-Leo, Davinia",
  publisher = "Springer Berlin Heidelberg",
  pages     = "453--458",
  series    = "Lecture Notes in Computer Science",
  year      =  2012,
  keywords  = "Zotero Import (Jan 18);Type Errors",
  language  = "en",
  isbn      = "97836423326239783642332630"
}

@INPROCEEDINGS{Pavlinovic2015-kh,
  title     = "Practical {SMT-based} Type Error Localization",
  booktitle = "Proceedings of the 20th {ACM} {SIGPLAN} International Conference
               on Functional Programming",
  author    = "Pavlinovic, Zvonimir and King, Tim and Wies, Thomas",
  publisher = "ACM",
  pages     = "412--423",
  series    = "ICFP 2015",
  year      =  2015,
  address   = "New York, NY, USA",
  keywords  = "Zotero Import (Jan 18);Type Errors",
  isbn      = "9781450336697",
  doi       = "10.1145/2784731.2784765"
}

@INPROCEEDINGS{Marceau2011-ok,
  title     = "Mind Your Language: On Novices' Interactions with Error Messages",
  booktitle = "Proceedings of the 10th {SIGPLAN} Symposium on New Ideas, New
               Paradigms, and Reflections on Programming and Software",
  author    = "Marceau, Guillaume and Fisler, Kathi and Krishnamurthi, Shriram",
  publisher = "ACM",
  pages     = "3--18",
  series    = "Onward! 2011",
  year      =  2011,
  address   = "New York, NY, USA",
  keywords  = "Zotero Import (Jan 18);Type Errors",
  isbn      = "9781450309417",
  doi       = "10.1145/2048237.2048241"
}

@INPROCEEDINGS{Marceau2011-cy,
  title     = "Measuring the Effectiveness of Error Messages Designed for
               Novice Programmers",
  booktitle = "Proceedings of the 42Nd {ACM} Technical Symposium on Computer
               Science Education",
  author    = "Marceau, Guillaume and Fisler, Kathi and Krishnamurthi, Shriram",
  publisher = "ACM",
  pages     = "499--504",
  series    = "SIGCSE '11",
  year      =  2011,
  address   = "New York, NY, USA",
  keywords  = "Zotero Import (Jan 18);Type Errors",
  isbn      = "9781450305006",
  doi       = "10.1145/1953163.1953308"
}

@INPROCEEDINGS{Crestani2010-fb,
  title     = "Experience Report: Growing Programming Languages for Beginning
               Students",
  booktitle = "Proceedings of the 15th {ACM} {SIGPLAN} International Conference
               on Functional Programming",
  author    = "Crestani, Marcus and Sperber, Michael",
  publisher = "ACM",
  pages     = "229--234",
  series    = "ICFP '10",
  year      =  2010,
  address   = "New York, NY, USA",
  keywords  = "Zotero Import (Jan 18);Type Errors",
  isbn      = "9781605587943",
  doi       = "10.1145/1863543.1863576"
}

@ARTICLE{Spohrer1986-po,
  title    = "Novice Mistakes: Are the Folk Wisdoms Correct?",
  author   = "Spohrer, James C and Soloway, Elliot",
  journal  = "Commun. ACM",
  volume   =  29,
  number   =  7,
  pages    = "624--632",
  month    =  jul,
  year     =  1986,
  keywords = "Zotero Import (Jan 18);Type Errors",
  issn     = "0001-0782",
  doi      = "10.1145/6138.6145"
}

@INPROCEEDINGS{Nienaltowski2008-bv,
  title     = "Compiler Error Messages: What Can Help Novices?",
  booktitle = "Proceedings of the 39th {SIGCSE} Technical Symposium on Computer
               Science Education",
  author    = "Nienaltowski, Marie-H\'{e}l\`{e}ne and Pedroni, Michela and
               Meyer, Bertrand",
  publisher = "ACM",
  pages     = "168--172",
  series    = "SIGCSE '08",
  year      =  2008,
  address   = "New York, NY, USA",
  keywords  = "Zotero Import (Jan 18);Type Errors",
  isbn      = "9781595937995",
  doi       = "10.1145/1352135.1352192"
}

@INPROCEEDINGS{Jadud2006-ly,
  title     = "Methods and Tools for Exploring Novice Compilation Behaviour",
  booktitle = "Proceedings of the Second International Workshop on Computing
               Education Research",
  author    = "Jadud, Matthew C",
  publisher = "ACM",
  pages     = "73--84",
  series    = "ICER '06",
  year      =  2006,
  address   = "New York, NY, USA",
  keywords  = "Zotero Import (Jan 18);Type Errors",
  isbn      = "9781595934949",
  doi       = "10.1145/1151588.1151600"
}

@ARTICLE{Olmer2014-yu,
  title    = "Evaluating Haskell expressions in a tutoring environment",
  author   = "Olmer, Tim and Heeren, Bastiaan and Jeuring, Johan",
  journal  = "Electronic Proceedings in Theoretical Computer Science",
  volume   =  170,
  pages    = "50--66",
  month    =  "12~" # dec,
  year     =  2014,
  keywords = "Zotero Import (Jan 18);Type Errors",
  language = "en",
  issn     = "2075-2180",
  doi      = "10.4204/EPTCS.170.4"
}

@INCOLLECTION{Claessen2003-eq,
  title     = "Testing and Tracing Lazy Functional Programs Using {QuickCheck}
               and Hat",
  booktitle = "Advanced Functional Programming",
  author    = "Claessen, Koen and Runciman, Colin and Chitil, Olaf and Hughes,
               John and Wallace, Malcolm",
  editor    = "Jeuring, Johan and Jones, Simon L Peyton",
  publisher = "Springer Berlin Heidelberg",
  pages     = "59--99",
  series    = "Lecture Notes in Computer Science",
  year      =  2003,
  keywords  = "Zotero Import (Jan 18);Type Errors",
  language  = "en",
  isbn      = "97835404013229783540448334"
}

@INCOLLECTION{Sestoft2002-my,
  title     = "Demonstrating Lambda Calculus Reduction",
  booktitle = "The Essence of Computation",
  author    = "Sestoft, Peter",
  editor    = "Mogensen, Torben \AE and Schmidt, David A and Sudborough, I Hal",
  publisher = "Springer Berlin Heidelberg",
  pages     = "420--435",
  series    = "Lecture Notes in Computer Science",
  year      =  2002,
  keywords  = "Zotero Import (Jan 18);Type Errors",
  language  = "en",
  isbn      = "97835400032679783540363774"
}

@ARTICLE{Tirronen2015-bg,
  title    = "Understanding beginners' mistakes with Haskell",
  author   = "Tirronen, Ville and Uusi-M{\"{a}}kel{\"{a}}, Samuel and
              Isom{\"{o}}tt{\"{o}}nen, Ville",
  journal  = "J. Funct. Programming",
  volume   =  25,
  year     =  2015,
  keywords = "Zotero Import (Jan 18);Type Errors",
  issn     = "0956-7968, 1469-7653",
  doi      = "10.1017/S0956796815000179"
}

@ARTICLE{Chambers2012-zf,
  title    = "The Function, and Dysfunction, of Information Sources in Learning
              Functional Programming",
  author   = "Chambers, Christopher and Chen, Sheng and Le, Duc and Scaffidi,
              Christopher",
  journal  = "J. Comput. Sci. Coll.",
  volume   =  28,
  number   =  1,
  pages    = "220--226",
  month    =  oct,
  year     =  2012,
  keywords = "Zotero Import (Jan 18);Type Errors",
  issn     = "1937-4771"
}

@INPROCEEDINGS{Vytiniotis2012-gh,
  title     = "Equality Proofs and Deferred Type Errors: A Compiler Pearl",
  booktitle = "Proceedings of the 17th {ACM} {SIGPLAN} International Conference
               on Functional Programming",
  author    = "Vytiniotis, Dimitrios and Peyton Jones, Simon and Magalh\~{a}es,
               Jos\'{e} Pedro",
  publisher = "ACM",
  pages     = "341--352",
  series    = "ICFP '12",
  year      =  2012,
  address   = "New York, NY, USA",
  keywords  = "Zotero Import (Jan 18);Type Errors",
  isbn      = "9781450310543",
  doi       = "10.1145/2364527.2364554"
}

@INPROCEEDINGS{Renieris1999-qr,
  title     = "Almost: Exploring Program Traces",
  booktitle = "Proceedings of the 1999 Workshop on New Paradigms in Information
               Visualization and Manipulation in Conjunction with the Eighth
               {ACM} Internation Conference on Information and Knowledge
               Management",
  author    = "Renieris, Manos and Reiss, Steven P",
  publisher = "ACM",
  pages     = "70--77",
  series    = "NPIVM '99",
  year      =  1999,
  address   = "New York, NY, USA",
  keywords  = "Zotero Import (Jan 18);Type Errors",
  isbn      = "9781581132540",
  doi       = "10.1145/331770.331788"
}

@INPROCEEDINGS{Guo2013-vu,
  title     = "Online {Python} Tutor: Embeddable Web-based Program Visualization
               for {CS} Education",
  booktitle = "Proceeding of the 44th {ACM} Technical Symposium on Computer
               Science Education",
  author    = "Guo, Philip J",
  publisher = "ACM",
  pages     = "579--584",
  series    = "SIGCSE '13",
  year      =  2013,
  address   = "New York, NY, USA",
  keywords  = "Zotero Import (Jan 18);Type Errors",
  isbn      = "9781450318686",
  doi       = "10.1145/2445196.2445368"
}

@ARTICLE{Ishii2014-nf,
  title    = "Report on a User Test and Extension of a Type Debugger for Novice
              Programmers",
  author   = "Ishii, Yuki and Asai, Kenichi",
  journal  = "Electronic Proceedings in Theoretical Computer Science",
  volume   =  170,
  pages    = "1--18",
  month    =  "12~" # dec,
  year     =  2014,
  keywords = "Zotero Import (Jan 18);Type Errors",
  issn     = "2075-2180",
  doi      = "10.4204/EPTCS.170.1"
}

@INCOLLECTION{Sparud1997-fh,
  title     = "Complete and partial redex trails of functional computations",
  booktitle = "Implementation of Functional Languages",
  author    = "Sparud, Jan and Runciman, Colin",
  editor    = "Clack, Chris and Hammond, Kevin and Davie, Tony",
  publisher = "Springer Berlin Heidelberg",
  pages     = "160--177",
  series    = "Lecture Notes in Computer Science",
  month     =  "10~" # sep,
  year      =  1997,
  keywords  = "Zotero Import (Jan 18);Type Errors",
  language  = "en",
  isbn      = "97835406484999783540685289"
}

@ARTICLE{Kishon1995-dq,
  title    = "Semantics directed program execution monitoring",
  author   = "Kishon, Amir and Hudak, Paul",
  journal  = "J. Funct. Programming",
  volume   =  5,
  number   =  04,
  pages    = "501--547",
  year     =  1995,
  keywords = "Zotero Import (Jan 18);Type Errors",
  issn     = "0956-7968, 1469-7653",
  doi      = "10.1017/S0956796800001465"
}

@INCOLLECTION{Sparud1997-ds,
  title     = "Tracing lazy functional computations using redex trails",
  booktitle = "Programming Languages: Implementations, Logics, and Programs",
  author    = "Sparud, Jan and Runciman, Colin",
  editor    = "Glaser, Hugh and Hartel, Pieter and Kuchen, Herbert",
  publisher = "Springer Berlin Heidelberg",
  pages     = "291--308",
  series    = "Lecture Notes in Computer Science",
  month     =  "3~" # sep,
  year      =  1997,
  keywords  = "Zotero Import (Jan 18);Type Errors",
  language  = "en",
  isbn      = "97835406339839783540695370"
}

@INCOLLECTION{Reinking2015-ic,
  title     = "A {Type-Directed} Approach to Program Repair",
  booktitle = "Computer Aided Verification",
  author    = "Reinking, Alex and Piskac, Ruzica",
  editor    = "Kroening, Daniel and P\u{a}s\u{a}reanu, Corina S",
  publisher = "Springer International Publishing",
  pages     = "511--517",
  series    = "Lecture Notes in Computer Science",
  month     =  "18~" # jul,
  year      =  2015,
  keywords  = "Zotero Import (Jan 18);Type Errors",
  language  = "en",
  isbn      = "97833192168989783319216904"
}


@ARTICLE{Fleiss1971-du,
  title     = "Measuring nominal scale agreement among many raters",
  author    = "Fleiss, Joseph L",
  journal   = "Psychol. Bull.",
  publisher = "American Psychological Association",
  volume    =  76,
  number    =  5,
  pages     = "378",
  month     =  nov,
  year      =  1971,
  keywords  = "nominal scale agreement measurement among many raters, statistic
               kappa, rating of psychiatric patients",
  language  = "en",
  issn      = "0033-2909, 1939-1455",
  doi       = "10.1037/h0031619"
}

@ARTICLE{Landis1977-ey,
  title    = "The measurement of observer agreement for categorical data",
  author   = "Landis, J R and Koch, G G",
  journal  = "Biometrics",
  volume   =  33,
  number   =  1,
  pages    = "159--174",
  month    =  mar,
  year     =  1977,
  language = "en",
  issn     = "0006-341X",
  pmid     = "843571"
}

@ARTICLE{Hallgren2012-zl,
  title       = "Computing {Inter-Rater} Reliability for Observational Data: An
                 Overview and Tutorial",
  author      = "Hallgren, Kevin A",
  affiliation = "University of New Mexico, Department of Psychology.",
  journal     = "Tutor. Quant. Methods Psychol.",
  volume      =  8,
  number      =  1,
  pages       = "23--34",
  year        =  2012,
  language    = "en",
  issn        = "1913-4126",
  pmid        = "22833776",
  pmc         = "PMC3402032"
}


@BOOK{Krippendorff2012-wd,
  title     = "Content Analysis: An Introduction to Its Methodology",
  author    = "Krippendorff, K",
  publisher = "SAGE Publications",
  year      =  2012,
  isbn      = "9781412983150",
  lccn      = "2011048278"
}
