@article{KOREL1988155,
title = "Dynamic program slicing",
journal = "Information Processing Letters",
volume = "29",
number = "3",
pages = "155 - 163",
year = "1988",
issn = "0020-0190",
doi = "https://doi.org/10.1016/0020-0190(88)90054-3",
url = "http://www.sciencedirect.com/science/article/pii/0020019088900543",
author = "Bogdan Korel and Janusz Laski",
keywords = "Slicing, dynamic slice, trajectory, data dependence, control dependence, debugging"
}

@article{KOREL1990187,
title = "Dynamic slicing of computer programs",
journal = "Journal of Systems and Software",
volume = "13",
number = "3",
pages = "187 - 195",
year = "1990",
issn = "0164-1212",
doi = "https://doi.org/10.1016/0164-1212(90)90094-3",
url = "http://www.sciencedirect.com/science/article/pii/0164121290900943",
author = "Bogdan Korel and Janusz Laski"
}