@article{learning-to-blame,
 author = {Seidel, Eric L. and Sibghat, Huma and Chaudhuri, Kamalika and Weimer, Westley and Jhala, Ranjit},
 title = {Learning to Blame: Localizing Novice Type Errors with Data-driven Diagnosis},
 journal = {Proc. ACM Program. Lang.},
 issue_date = {October 2017},
 volume = {1},
 number = {OOPSLA},
 month = oct,
 year = {2017},
 issn = {2475-1421},
 pages = {60:1--60:27},
 articleno = {60},
 numpages = {27},
 url = {http://doi.acm.org/10.1145/3138818},
 doi = {10.1145/3138818},
 acmid = {3138818},
 publisher = {ACM},
 address = {New York, NY, USA},
 keywords = {fault localization, type errors},
}

@inproceedings{tree-diff,
  title={Type-safe diff for families of datatypes},
  author={Lempsink, Eelco and Leather, Sean and L{\"o}h, Andres},
  booktitle={Proceedings of the 2009 ACM SIGPLAN workshop on Generic programming},
  pages={61--72},
  year={2009},
  organization={ACM}
}